<?xml version="1.0" encoding="UTF-8"?><collection xmlns="http://www.loc.gov/MARC21/slim"><record><leader>00374nam--2200133-i-4500</leader><controlfield tag="001">000018623</controlfield><controlfield tag="002">20161230</controlfield><controlfield tag="005">20161230201032</controlfield><controlfield tag="008">060222s1000------------r-----000-0-eng-d</controlfield><datafield ind1=" " ind2=" " tag="100"><subfield code="a">Eichler, Martin</subfield></datafield><datafield ind1=" " ind2=" " tag="245"><subfield code="a">Einfuhrung in die theorie der algebraischen zahlen und funktionen</subfield></datafield><datafield ind1=" " ind2=" " tag="260"><subfield code="a">Basel, Birkhauser Verlag, 1963.338 P</subfield></datafield><datafield ind1=" " ind2=" " tag="490"><subfield code="a">Mathematische Reihe</subfield></datafield><datafield ind1=" " ind2=" " tag="852"><subfield code="a">18545</subfield></datafield></record></collection>